0740000066375398478PREMIUM SPORT Kft.  01032200000032930037+00000000029451+000000329005860000000000000000003310322              
0750000066375398478000000000000000004DD0269016720000329000001220077769000000000000000000000070322Fizetési megbízás PR00840070322
0762200777690                070322Fizetési megbízás PREMIUM SPORT KFT. USD átvezetés Akcentából                                
078329000,00 USD 341,530000           HU52104010555052665572801026       OKHBHUHB                                               
079SHA                                USD átvezetés Akcentából                                                                  
0750000066375398478000000000000000004DD0279016720000000005861220077769000000000000000000000070322Akcenta CZ          00840070322
0762200777690                070322Akcenta CZ                                                                                   
0785,86 USD 341,530000                                                                                                          
079SHA                                USD átvezetés Akcentából                                                                  
