0740000066375398478PREMIUM SPORT Kft.  01122100000023268508+00000001460028+000000218084800000000000000000012311221              
0750000066375398478000000000000000007DD0284187360000133931651210061236400000000000000000000081221Fizetési megbízás SH00840081221
0762100612364                081221Fizetési megbízás SHANGHAI WISDOM INT’L TRADE CO.,LTD XH10141C21I, XH18025C21I, XH18031C21I


078133931,65 USD 322,160000                                              ABOCCNBJ                                               
079SHA                                XH10141C21I, XH18025C21I, XH18031C2                                                       
0750000066375398478000000000000000007DD0294187360000000006211210061236400000000000000000000081221Akcenta CZ          00840081221
0762100612364                081221Akcenta CZ                                                                                   
0786,21 USD 322,160000                                                                                                          
079SHA                                XH10141C21I, XH18025C21I, XH18031C2                                                       
0750000066375398478000000000000000007DD0304187360000084140801210061844400000000000000000000101221Fizetési megbízás NI00840101221
0762100618444                101221Fizetési megbízás NINGBO FENGHUA JIULI MANUFACTORY JP01-01, 20211202, 20211130
              
07884140,80 USD 325,760000                                               BKNBCN2N                                               
079SHA                                JP01-01, 20211202, 20211130
                                                              
0750000066375398478000000000000000007DD0314187360000000006141210061844400000000000000000000101221Akcenta CZ          00840101221
0762100618444                101221Akcenta CZ                                                                                   
0786,14 USD 325,760000                                                                                                          
079SHA                                JP01-01, 20211202, 20211130
                                                              
