0740000066375398478PREMIUM SPORT Kft.  01102100000037509722+00000023268508+000000342412140000000200000000010311021              
0750000066375398478000000000000000007DD0321825570000178617501210048364500000000000000000000051021Fizetési megbízás NI00840051021
0762100483645                051021Fizetési megbízás NINGBO ACE GARMENT IMPORT & EXPORT  CO.,LTD. HT2005, HT2006
               
078178617,50 USD 310,230000                                              BKNBCN2N                                               
079SHA                                HT2005, HT2006
                                                                           
0750000066375398478000000000000000007DD0331825570000000006451210048364500000000000000000000051021Akcenta CZ          00840051021
0762100483645                051021Akcenta CZ                                                                                   
0786,45 USD 310,230000                                                                                                          
079SHA                                HT2005, HT2006
                                                                           
0750000066375398478000000000000000007DD0341825570000006482251210048373200000000000000000000051021Fizetési megbízás WE00840051021
0762100483732                051021Fizetési megbízás WENZHOU WELLEST IMPORT&EXPORT CO.,LTD. WE210819                            
0786482,25 USD 310,230000                                                WZCBCNSH                                               
079SHA                                WE210819                                                                                  
0750000066375398478000000000000000007DD0351825570000000006451210048373200000000000000000000051021Akcenta CZ          00840051021
0762100483732                051021Akcenta CZ                                                                                   
0786,45 USD 310,230000                                                                                                          
079SHA                                WE210819                                                                                  
0750000066375398478000000000000000007DD0361825570000026734501210049725100000000000000000000121021Fizetési megbízás GU00840121021
0762100497251                121021Fizetési megbízás GUANGZHOU  AOKING  LEATHER  CO. YD211004                                   
07826734,50 USD 311,110000                                               BKCHCNBJ400                                            
079SHA                                YD211004                                                                                  
0750000066375398478000000000000000007DD0371825570000000006431210049725100000000000000000000121021Akcenta CZ          00840121021
0762100497251                121021Akcenta CZ                                                                                   
0786,43 USD 311,110000                                                                                                          
079SHA                                YD211004                                                                                  
0750000066375398478000000000000000007DD0381825570000020126701210049730700000000000000000000121021Fizetési megbízás NI00840121021
0762100497307                121021Fizetési megbízás NINGBO BRIDGE POWER IMP. EXP.CO LTD 2021BNA013, 2021BNS023A                
07820126,70 USD 311,110000                                               EVERCNBJNB1                                            
079SHA                                2021BNA013, 2021BNS023A                                                                   
0750000066375398478000000000000000007DD0391825570000000006431210049730700000000000000000000121021Akcenta CZ          00840121021
0762100497307                121021Akcenta CZ                                                                                   
0786,43 USD 311,110000                                                                                                          
079SHA                                2021BNA013, 2021BNS023A                                                                   
0750000066375398478000000000000000007DD0401825570000041451601210049735000000000000000000000121021Fizetési megbízás NI00840121021
0762100497350                121021Fizetési megbízás NINGBO ACE GARMENT IMPORT & EXPORT  CO.,LTD. ACE21KD010, ACE21HT0724, ACE21
07841451,60 USD 311,110000                                               BKNBCN2N                                               
079SHA                                ACE21KD010, ACE21HT0724, ACE21HT072                                                       
0750000066375398478000000000000000007DD0411825570000000006431210049735000000000000000000000121021Akcenta CZ          00840121021
0762100497350                121021Akcenta CZ                                                                                   
0786,43 USD 311,110000                                                                                                          
079SHA                                ACE21KD010, ACE21HT0724, ACE21HT072                                                       
0750000066375398478000000000000000007DD0421825570000003403601210051222800000000000000000000191021Fizetési megbízás SH00840191021
0762100512228                191021Fizetési megbízás SHANGHAI QUEENSHOW INT'L CO.,LTD 21L10244HT                                
0783403,60 USD 310,000000                                                ICBKCNBJSHI                                            
079SHA                                21L10244HT                                                                                
0750000066375398478000000000000000007DD0431825570000000006451210051222800000000000000000000191021Akcenta CZ          00840191021
0762100512228                191021Akcenta CZ                                                                                   
0786,45 USD 310,000000                                                                                                          
079SHA                                21L10244HT                                                                                
0750000066375398478000000000000000007DD0441825570000065550901210051223800000000000000000000191021Fizetési megbízás XI00840191021
0762100512238                191021Fizetési megbízás XIAMEN URIPOWER COMPANY LIMITED JL21087                                    
07865550,90 USD 310,000000                                               BKCHCNBJ73A                                            
079SHA                                JL21087                                                                                   
0750000066375398478000000000000000007DD0451825570000000006451210051223800000000000000000000191021Akcenta CZ          00840191021
0762100512238                191021Akcenta CZ                                                                                   
0786,45 USD 310,000000                                                                                                          
079SHA                                JL21087                                                                                   
0750000066375398478000000000000000007DD0461825570000200000002210053397900000000000000000000291021Konverzió           00840291021
0762100533979                291021Konverzió                                                                                    
078200000,00 USD 315,080000                                                                                                     
079SHA                                                                                                                          
