0740000066375398478PREMIUM SPORT Kft.  01012200000001460028+00000032930037+000000515299910000000830000000001310122              
0750000066375398478000000000000000007DD0045907060000370000002220066374600000000000000000000050122Konverzió           00840050122
0762200663746                050122Konverzió                                                                                    
078370000,00 USD 323,340000                                                                                                     
079SHA                                                                                                                          
0750000066375398478000000000000000007DD0055907060000150000002220066375400000000000000000000050122Konverzió           00840050122
0762200663754                050122Konverzió                                                                                    
078150000,00 USD 323,340000                                                                                                     
079SHA                                                                                                                          
0750000066375398478000000000000000007DD0065907060000300000002220066444300000000000000000000060122Konverzió           00840060122
0762200664443                060122Konverzió                                                                                    
078300000,00 USD 323,340000                                                                                                     
079SHA                                                                                                                          
0750000066375398478000000000000000007DD0075907060000000006261220066863600000000000000000000100122Akcenta CZ          00840100122
0762200668636                100122Akcenta CZ                                                                                   
0786,26 USD 319,410000                                                                                                          
079SHA                                2021-CT-0821-1
                                                                           
0750000066375398478000000000000000007DD0085907060000122058951220066864800000000000000000000100122Fizetési megbízás NI00840100122
0762200668648                100122Fizetési megbízás NINGBO ACE GARMENT IMPORT & EXPORT  CO.,LTD. ACE21KD011, ACE21HT1201, ACE21
078122058,95 USD 319,410000                                              BKNBCN2N                                               
079SHA                                ACE21KD011, ACE21HT1201, ACE21HT120                                                       
0750000066375398478000000000000000007DD0095907060000000006261220066864800000000000000000000100122Akcenta CZ          00840100122
0762200668648                100122Akcenta CZ                                                                                   
0786,26 USD 319,410000                                                                                                          
079SHA                                ACE21KD011, ACE21HT1201, ACE21HT120                                                       
0750000066375398478000000000000000007DD0105907060000055126101220066865600000000000000000000100122Fizetési megbízás NI00840100122
0762200668656                100122Fizetési megbízás NINGBO BRIDGE IMP AND EXP CO.,LTD 2021AA013, AA-21-204
                    
07855126,10 USD 319,410000                                               BKCHCNBJ92A                                            
079SHA                                2021AA013, AA-21-204
                                                                     
0750000066375398478000000000000000007DD0115907060000000006261220066865600000000000000000000100122Akcenta CZ          00840100122
0762200668656                100122Akcenta CZ                                                                                   
0786,26 USD 319,410000                                                                                                          
079SHA                                2021AA013, AA-21-204
                                                                     
0750000066375398478000000000000000007DD0125907060000105614141220066866300000000000000000000100122Fizetési megbízás NI00840100122
0762200668663                100122Fizetési megbízás NINGBO BRIDGE POWER IMP. EXP.CO LTD 2021BNA017, 2021BNS033A, 2021NBS034A, 2
078105614,14 USD 319,410000                                              EVERCNBJNB1                                            
079SHA                                2021BNA017, 2021BNS033A, 2021NBS034                                                       
0750000066375398478000000000000000007DD0135907060000000006261220066866300000000000000000000100122Akcenta CZ          00840100122
0762200668663                100122Akcenta CZ                                                                                   
0786,26 USD 319,410000                                                                                                          
079SHA                                2021BNA017, 2021BNS033A, 2021NBS034                                                       
0750000066375398478000000000000000007DD0145907060000064766951220066866500000000000000000000100122Fizetési megbízás SH00840100122
0762200668665                100122Fizetési megbízás SHAOXING HENGJIE GARMENT CO.,LTD HJ21019, HJ211215, HJ211208
              
07864766,95 USD 319,410000                                               BKCHCNBJ92D                                            
079SHA                                HJ21019, HJ211215, HJ211208
                                                              
0750000066375398478000000000000000007DD0155907060000000006261220066866500000000000000000000100122Akcenta CZ          00840100122
0762200668665                100122Akcenta CZ                                                                                   
0786,26 USD 319,410000                                                                                                          
079SHA                                HJ21019, HJ211215, HJ211208
                                                              
0750000066375398478000000000000000007DD0165907060000006324001220066867400000000000000000000100122Fizetési megbízás WE00840100122
0762200668674                100122Fizetési megbízás WENZHOU SURE YOUNG TRADING CO.,LTD WSY21HEA-03, WSY21HEA-03-CS
            
0786324,00 USD 319,410000                                                ABOCCNBJ110                                            
079SHA                                WSY21HEA-03, WSY21HEA-03-CS
                                                              
0750000066375398478000000000000000007DD0175907060000000006261220066867400000000000000000000100122Akcenta CZ          00840100122
0762200668674                100122Akcenta CZ                                                                                   
0786,26 USD 319,410000                                                                                                          
079SHA                                WSY21HEA-03, WSY21HEA-03-CS
                                                              
0750000066375398478000000000000000007DD0185907060000052886881220066862800000000000000000000100122Fizetési megbízás AN00840100122
0762200668628                100122Fizetési megbízás ANHUI GARMENTS IMP. AND EXP, CO., LTD. AG21ZCDG433001J, AG21ZCDA433205, AG2
07852886,88 USD 319,410000                                               BKCHCNBJ780                                            
079SHA                                AG21ZCDG433001J, AG21ZCDA433205, AG                                                       
0750000066375398478000000000000000007DD0195907060000000006261220066862800000000000000000000100122Akcenta CZ          00840100122
0762200668628                100122Akcenta CZ                                                                                   
0786,26 USD 319,410000                                                                                                          
079SHA                                AG21ZCDG433001J, AG21ZCDA433205, AG                                                       
0750000066375398478000000000000000007DD0205907060000017094001220066863600000000000000000000100122Fizetési megbízás GU00840100122
0762200668636                100122Fizetési megbízás GUANGDONG PROVINCE QIZHAN INDUSTRIAL CO., LTD 2021-CT-0821-1
              
07817094,00 USD 319,410000                                               ICBKCNBJGDG                                            
079SHA                                2021-CT-0821-1
                                                                           
0750000066375398478000000000000000007DD0215907060000049214181220067423400000000000000000000110122Fizetési megbízás XI00840110122
0762200674234                110122Fizetési megbízás XIAMEN CYCN IMPORT AND EXPORT CO., LTD 21547,122,1124,1203,22100,183,130,63
07849214,18 USD 315,950000                                               BKCHCNBJ73A                                            
079SHA                                21547,122,1124,1203,22100,183,130,6                                                       
0750000066375398478000000000000000007DD0225907060000000006331220067423400000000000000000000110122Akcenta CZ          00840110122
0762200674234                110122Akcenta CZ                                                                                   
0786,33 USD 315,950000                                                                                                          
079SHA                                21547,122,1124,1203,22100,183,130,6                                                       
0750000066375398478000000000000000007DD0235907060000012920401220067425200000000000000000000110122Fizetési megbízás SH00840110122
0762200674252                110122Fizetési megbízás SHANGHAI QUEENSHOW INT'L CO.,LTD SQ-21L337T
                               
07812920,40 USD 315,950000                                               ICBKCNBJSHI                                            
079SHA                                SQ-21L337T
                                                                               
0750000066375398478000000000000000007DD0245907060000000006331220067425200000000000000000000110122Akcenta CZ          00840110122
0762200674252                110122Akcenta CZ                                                                                   
0786,33 USD 315,950000                                                                                                          
079SHA                                SQ-21L337T
                                                                               
0750000066375398478000000000000000007DD0255907060000029231501220067426500000000000000000000110122Fizetési megbízás WE00840110122
0762200674265                110122Fizetési megbízás WENZHOU LANHEY IMPORT & EXPORT CO.,LTD TH-20220110
                        
07829231,50 USD 315,950000                                               BKCHCNBJ92B                                            
079SHA                                TH-20220110
                                                                              
0750000066375398478000000000000000007DD0265907060000000006331220067426500000000000000000000110122Akcenta CZ          00840110122
0762200674265                110122Akcenta CZ                                                                                   
0786,33 USD 315,950000                                                                                                          
079SHA                                TH-20220110
                                                                              
0750000066375398478000000000000000007DD0275907060000010000002220068042200000000000000000000130122Konverzió           00840130122
0762200680422                130122Konverzió                                                                                    
07810000,00 USD 313,260000                                                                                                      
079SHA                                                                                                                          
