0740000002900396898PREMIUM SPORT KFT.  01042200000495304227+00000518052697+000000080284300000000307769000004300422FIO           
0750000002900396898000000211037453900240872493760000022333002002210038400270000000000000000010422General Logistics Sy00203010422
0750000002900396898000000211037453900240903419380000007564002002210041100270000000000000000010422General Logistics Sy00203010422
0750000002900396898000000010726857600240928748580000001618001002210045000030000000000000000040422Heavy Tools         00203040422
0750000002900396898000123495264025700240928759360000002998001002210044900010000000000000000040422Heavy Tools         00203040422
0750000002900396898000107533187025700240928809570000003098001002210044700010000000000000000040422Heavy Tools         00203040422
0750000002900396898000000220042651500240928837840000000699001002210044800201000000000000000040422Heavy Tools         00203040422
0750000002900396898000000152154002300240928877270000005193001002210044600080000000000000000040422Heavy Tools         00203040422
0750000002900396898670100220232104700240928925380000001439001002210046600621000000000000000040422Heavy Tools         00203040422
0750000002900396898000035004563021700240928934430000001199001002210046500010000000000000000040422Heavy Tools         00203040422
0750000002900396898000107651442023700240928945760000003276001002210046400010000000000000000040422Heavy Tools         00203040422
0750000002900396898000000137399501700240929007690000000719001002210046300303000000000000000040422Heavy Tools         00203040422
0750000002900396898000000137399501700240929167680000000899001002210046200303000000000000000040422Heavy Tools         00203040422
0750000002900396898000000211037453900240935038290000015304002002210042000270000000000000000050422General Logistics Sy00203050422
0750000002900396898000000211037453900240945276310000025488002002210042400270000000000000000060422General Logistics Sy00203060422
0750000002900396898000000211037453900240962274890000016993002002210044100270000000000000000070422General Logistics Sy00203070422
0750000002900396898000000211037453900240962336550000027286002002210036900270000000000000000070422General Logistics Sy00203070422
0750000002900396898000000022826047400240972146280000003598001002210046700030000000000000000080422Heavy Tools         00203080422
0750000002900396898000000000000000000240983038190000015000001000000707800000000000000000000090422Nákup: GOOGLE *SERVI00203090422
0750000002900396898000000211037453900240991264000000002098002002210045400270000000000000000110422General Logistics Sy00203110422
0750000002900396898000000211037453900241021777910000013796002002210047000270000000000000000130422General Logistics Sy00203130422
0750000002900396898000000211037453900241021843580000006093002002210045900270000000000000000130422General Logistics Sy00203130422
0750000002900396898000000211037453900241029009850000004046002002210045800270000000000000000130422General Logistics Sy00203130422
0750000002900396898000000211037453900241044054100000009442002002210048200270000000000000000140422General Logistics Sy00203140422
0750000002900396898000000211037453900241092755100000011141002002210047700270000000000000000200422General Logistics Sy00203200422
0750000002900396898000000220022509400241097687740000002498001002210052900201000000000000000200422Heavy Tools         00203200422
0750000002900396898000000022364528700241097714880000002098001002210052800030000000000000000200422Heavy Tools         00203200422
0750000002900396898000000293699313300241097738130000001614001002210052700080000000000000000200422Heavy Tools         00203200422
0750000002900396898000000138827805300241097852350000001199001000000119900080000000000000000200422Heavy Tools         00203200422
0750000002900396898000051574306027700241097945320000003835001002210053000010000000000000000200422Heavy Tools         00203200422
0750000002900396898000000022166589000241097964210000001199001002210053100060000000000000000200422Heavy Tools         00203200422
0750000002900396898000000211037453900241099934690000009013002002210047600270000000000000000200422General Logistics Sy00203200422
0750000002900396898000000211037453900241115071190000011779002002210047800270000000000000000210422General Logistics Sy00203210422
0750000002900396898000000019837881700241123620240000001049001002210052600030000000000000000220422Heavy Tools         00203220422
0750000002900396898000000013329805800241123644050000000849001002210052400030000000000000000220422Heavy Tools         00203220422
0750000002900396898000000059025513300241123673270000000949001002210055300080000000000000000220422Heavy Tools         00203220422
0750000002900396898000035915129023700241123698840000001951001002210055100010000000000000000220422Heavy Tools         00203220422
0750000002900396898000043198288020700241123862620000001399001002210055200010000000000000000220422Heavy Tools         00203220422
0750000002900396898000000021223259100241123890350000001398001002210054900030000000000000000220422Heavy Tools         00203220422
0750000002900396898000000211037453900241126076500000012987002002210049900270000000000000000220422General Logistics Sy00203220422
0750000002900396898000000211037453900241155712910000023771002002210050300270000000000000000260422General Logistics Sy00203260422
0750000002900396898000000211037453900241167439250000017912002002210052100270000000000000000270422General Logistics Sy00203270422
0750000002900396898000107920237029700241174268120000007194001002210062500010000000000000000270422Heavy Tools         00203270422
0750000002900396898000000059427000700241174297310000004497001002210062400270000000000000000270422Heavy Tools         00203270422
0750000002900396898000000121728502100241174383490000003699001002210062200303000000000000000270422Heavy Tools         00203270422
0750000002900396898000000137399501700241174409710000001424001002210054800303000000000000000270422Heavy Tools         00203270422
0750000002900396898000000211037453900241174473710000013488002002210053800270000000000000000270422General Logistics Sy00203270422
0750000002900396898000000211037453900241182835900000010796002002210053600270000000000000000280422General Logistics Sy00203280422
0750000002900396898000000000000000000241184889530000003066301000000707800000000000000000000280422Nákup: SHELL 8048,  00203280422
0750000002900396898000000000000000000241190587400000000180001000000707800000000000000000000290422Nákup: PROPERTY MANA00203290422
0750000002900396898000000211037453900241195721150000046439002002210053300270000000000000000290422General Logistics Sy00203290422
0750000002900396898000000000000000000241202451330000000450001000000707800000000000000000000300422Nákup: GRANDHOTEL BR00203300422
