0740000002900396898PREMIUM SPORT KFT.  01012200000443171490+00000452291390+000000028805000000000120004000001310122FIO           
0750000002900396898000000211037453900239946962690000001598002002110225900270000000000000000040122General Logistics Sy00203040122
0750000002900396898000000211037453900239976413800000001518002002110226200270000000000000000070122General Logistics Sy00203070122
0750000002900396898000000121165905300239983617190000003198001002210000500303000000000000000070122Heavy Tools         00203070122
0750000002900396898000000137399501700239983647370000001139001002210000600303000000000000000070122Heavy Tools         00203070122
0750000002900396898000000001505155600239983665430000000949001002210001000550000000000000000070122Heavy Tools         00203070122
0750000002900396898000000445122029700239983771220000000599001002210000700010000000000000000070122Heavy Tools         00203070122
0750000002900396898000115471014021700239983799550000000999001002210000800010000000000000000070122Heavy Tools         00203070122
0750000002900396898000107671539025700239983834310000000899001002210000900010000000000000000070122Heavy Tools         00203070122
0750000002900396898000000211037453900239997271480000004897002002110227100270000000000000000100122General Logistics Sy00203100122
0750000002900396898670100220784902700240031648120000002495001002210003600621000000000000000120122Heavy Tools         00203120122
0750000002900396898000000211037453900240035580130000006402002002210001600270000000000000000130122General Logistics Sy00203130122
0750000002900396898000000211037453900240047908400000004615002002210001800270000000000000000140122General Logistics Sy00203140122
0750000002900396898000000000000000000240063613260000015000001000000707800000000000000000000150122Nákup: GOOGLE *ADS4500203150122
0750000002900396898000000211037453900240073105210000019274002002210002800270000000000000000170122General Logistics Sy00203170122
0750000002900396898000000012798225900240083399850000001399001002210005400030000000000000000170122Heavy Tools         00203170122
0750000002900396898000000021745698100240083483000000000599001002210005500030000000000000000170122Heavy Tools         00203170122
0750000002900396898000000211037453900240090101070000013515002002210003100270000000000000000180122General Logistics Sy00203180122
0750000002900396898000000211037453900240102348800000014303002002210004600270000000000000000190122General Logistics Sy00203190122
0750000002900396898000000211037453900240113053230000006223002002210003000270000000000000000200122General Logistics Sy00203200122
0750000002900396898000000211037453900240126164830000003407002002210004200270000000000000000210122General Logistics Sy00203210122
0750000002900396898000000173823901200240133427050000001529001002210006100303000000000000000210122Heavy Tools         00203210122
0750000002900396898000000211037453900240145340470000003516002002210006500270000000000000000240122General Logistics Sy00203240122
0750000002900396898000000211037453900240157025840000008493002002210006200270000000000000000250122General Logistics Sy00203250122
0750000002900396898000000211037453900240168047940000011159002002210007800270000000000000000260122General Logistics Sy00203260122
0750000002900396898000000211037453900240178306250000011265002002210008700270000000000000000270122General Logistics Sy00203270122
0750000002900396898000000211037453900240190379780000004905002002210009000270000000000000000280122General Logistics Sy00203280122
0750000002900396898000000211037453900240205587420000003916002002210009200270000000000000000310122General Logistics Sy00203310122
0750000002900396898670100220784902700240209246340000000998002002210003600621000000000000000310122MIROSLAVA BAZATA    00203310122
