0740000002900396898PREMIUM SPORT KFT.  01052200000518052697+00000544834462+000000059846350000000327664000005310522FIO           
0750000002900396898000000000000000000241242015920000011193351000000707800000000000000000000020522Nákup: GOOGLE *SERVI00203020522
0750000002900396898000000211037453900241244876960000037103002002210060200270000000000000000020522General Logistics Sy00203020522
0750000002900396898000000211037453900241262716940000032614002002210057800270000000000000000040522General Logistics Sy00203040522
0750000002900396898000000211037453900241269905140000019997002002210058400270000000000000000040522General Logistics Sy00203040522
0750000002900396898000000211037453900241279332560000021502002002210061400270000000000000000050522General Logistics Sy00203050522
0750000002900396898000000145253416300241292906680000002517001002210049600080000000000000000060522Heavy Tools         00203060522
0750000002900396898670100220611580600241292963940000001518001002210065800621000000000000000060522Heavy Tools         00203060522
0750000002900396898670100220232104700241293375240000002518001002210066200621000000000000000060522Heavy Tools         00203060522
0750000002900396898670100220232104700241294607210000001259001002210066100621000000000000000060522Heavy Tools         00203060522
0750000002900396898670100220232104700241294619170000000629001002210066000621000000000000000060522Heavy Tools         00203060522
0750000002900396898000000123759301300241294653390000001498001002210065900080000000000000000060522Heavy Tools         00203060522
0750000002900396898000000164962605300241294662300000002398001002210067100080000000000000000060522Heavy Tools         00203060522
0750000002900396898000000221000614300241294681850000001149001002210067400080000000000000000060522Heavy Tools         00203060522
0750000002900396898000000091629501300241294706910000001399001002210067200550000000000000000060522Heavy Tools         00203060522
0750000002900396898000000103291126800241294772540000001999001002210067600610000000000000000060522Heavy Tools         00203060522
0750000002900396898000000015914080600241294803450000004097001002210066900030000000000000000060522Heavy Tools         00203060522
0750000002900396898000000023834236900241294827300000000999001002210067000030000000000000000060522Heavy Tools         00203060522
0750000002900396898000000211037453900241312759850000003087002002210056800270000000000000000090522General Logistics Sy00203090522
0750000002900396898000000211037453900241321362710000018263002002210062800270000000000000000100522General Logistics Sy00203100522
0750000002900396898000000211037453900241331106570000016070002002210064000270000000000000000100522General Logistics Sy00203100522
0750000002900396898000000211037453900241350629800000008693002002210064900270000000000000000120522General Logistics Sy00203120522
0750000002900396898000000211037453900241365276710000020899002002210065400270000000000000000130522General Logistics Sy00203130522
0750000002900396898000000211037453900241393033500000005994002002210064600270000000000000000160522General Logistics Sy00203160522
0750000002900396898000000211037453900241403688230000013321002002210068200270000000000000000160522General Logistics Sy00203160522
0750000002900396898000000101458910500241416293100000001119001002210071200610000000000000000170522Heavy Tools         00203170522
0750000002900396898000000211037453900241420065570000017281002002210068300270000000000000000170522General Logistics Sy00203170522
0750000002900396898000000270045915300241420753690000000799001002210071500201000000000000000170522Heavy Tools         00203170522
0750000002900396898000000270045915300241420766500000001738001002210071400201000000000000000170522Heavy Tools         00203170522
0750000002900396898000000198288313300241420805890000001198001002210071300080000000000000000170522Heavy Tools         00203170522
0750000002900396898000000121728502100241420896530000001678001002210071000303000000000000000170522Heavy Tools         00203170522
0750000002900396898000115449024020700241420943910000002597001002210070900010000000000000000170522Heavy Tools         00203170522
0750000002900396898000000211037453900241437449180000013206002002210069500270000000000000000190522General Logistics Sy00203190522
0750000002900396898000000211037453900241444550990000009938002002210069700270000000000000000190522General Logistics Sy00203190522
0750000002900396898670100221273442700241457962920000001039001002210073500621000000000000000200522Heavy Tools         00203200522
0750000002900396898000000211037453900241473909260000011039002002210070800270000000000000000230522General Logistics Sy00203230522
0750000002900396898000000211037453900241481897110000014278002002210071800270000000000000000230522General Logistics Sy00203230522
0750000002900396898000000211037453900241498687610000011040002002210069800270000000000000000250522General Logistics Sy00203250522
0750000002900396898000000211037453900241509558120000013835002002210072000270000000000000000260522General Logistics Sy00203260522
0750000002900396898000000211037453900241513717750000010389002002210071700270000000000000000260522General Logistics Sy00203260522
0750000002900396898000000211037453900241527826850000004497002002210069900270000000000000000270522General Logistics Sy00203270522
0750000002900396898000000139794400300241547918970000004504001002210079100080000000000000000300522Heavy Tools         00203300522
0750000002900396898000000129628214300241547984500000001998001002210080100080000000000000000300522Heavy Tools         00203300522
0750000002900396898000000193698700300241548033150000001498001002210079400080000000000000000300522Heavy Tools         00203300522
0750000002900396898000107634928021700241548096320000001099001002210079500010000000000000000300522Heavy Tools         00203300522
0750000002900396898000043935024026700241548111350000002098001002210079600010000000000000000300522Heavy Tools         00203300522
0750000002900396898000000015272199000241548199940000000999001002210079700060000000000000000300522Heavy Tools         00203300522
0750000002900396898000000047908714300241548211350000000799001002210080000080000000000000000300522Heavy Tools         00203300522
0750000002900396898000000154375204300241548272290000002471001002210079900080000000000000000300522Heavy Tools         00203300522
0750000002900396898000000019480336100241548315080000001039001002210079800060000000000000000300522Heavy Tools         00203300522
0750000002900396898000000211037453900241553239510000009057002002210075000270000000000000000310522General Logistics Sy00203310522
0750000002900396898000000211037453900241559859560000015561002002210076900270000000000000000310522General Logistics Sy00203310522
