0740000002900396898PREMIUM SPORT KFT.  01032200000465338290+00000495304227+000000047086630000000346746000003310322FIO           
0750000002900396898000000211037453900240531014750000009038002002210020100270000000000000000010322General Logistics Sy00203010322
0750000002900396898000000154375204300240561226170000002917001002210025400080000000000000000010322Heavy Tools         00203010322
0750000002900396898000000017705592000240561252860000001549001002210025200030000000000000000010322Heavy Tools         00203010322
075000000290039689800000000000000000024056143607000000125900100221002510008000000000000000001032200000001452534163   00203010322
0750000002900396898000000211076859700240561482950000002482001002210025300270000000000000000010322Heavy Tools         00203010322
0750000002900396898000000121728502100240561514820000000829001002210025500303000000000000000010322Heavy Tools         00203010322
0750000002900396898000000211037453900240569342010000005703002002210020600270000000000000000020322General Logistics Sy00203020322
0750000002900396898000000000000000000240578554470000001200001000000000000000000000000000000020322Poplatek za vyhotove00203020322
0750000002900396898000000211037453900240580068530000009042002002210020800270000000000000000030322General Logistics Sy00203030322
0750000002900396898000000211037453900240586822400000023643002002210022900270000000000000000030322General Logistics Sy00203030322
0750000002900396898000000211037453900240597394820000016169002002210024100270000000000000000040322General Logistics Sy00203040322
0750000002900396898000000211037453900240623515870000011987002002210020900270000000000000000080322General Logistics Sy00203080322
0750000002900396898000000211037453900240630105100000015558002002210022000270000000000000000080322General Logistics Sy00203080322
0750000002900396898000000015914080600240641897400000001799001002210027600030000000000000000090322Heavy Tools         00203090322
0750000002900396898000000211263643200240641920180000001149001002210027500270000000000000000090322Heavy Tools         00203090322
0750000002900396898000000059025513300240641937540000001299001002210027400080000000000000000090322Heavy Tools         00203090322
0750000002900396898000000117032202300240641958860000000799001002210029000080000000000000000090322Heavy Tools         00203090322
0750000002900396898000000211037453900240642129830000020301002002210027300270000000000000000090322General Logistics Sy00203090322
0750000002900396898000000017861926500240652684520000002898001002210029600030000000000000000100322Heavy Tools         00203100322
0750000002900396898000000000000000000240659584780000012320631000000707800000000000000000000100322Nákup: GOOGLE *ADS4500203100322
0750000002900396898000000211037453900240660801440000006815002002210024200270000000000000000110322General Logistics Sy00203110322
0750000002900396898000000211037453900240668294710000003098002002210026200270000000000000000110322General Logistics Sy00203110322
0750000002900396898000000211037453900240699503670000009729002002210025000270000000000000000150322General Logistics Sy00203150322
0750000002900396898000000211037453900240718110060000003456002002210028800270000000000000000160322General Logistics Sy00203160322
0750000002900396898000000211037453900240730902800000010609002002210028900270000000000000000170322General Logistics Sy00203170322
0750000002900396898000000017861926500240737854920000001159001002210029500030000000000000000170322Heavy Tools         00203170322
0750000002900396898000000211037453900240742099290000033110002002210030800270000000000000000180322General Logistics Sy00203180322
0750000002900396898000000204701101300240749224470000001889001002210035700080000000000000000180322Heavy Tools         00203180322
0750000002900396898000000204701101300240749296500000004908001002210035200080000000000000000180322Heavy Tools         00203180322
0750000002900396898000000020829122200240749355550000001248001002210035400060000000000000000180322Heavy Tools         00203180322
0750000002900396898000000132474201300240749395060000001898001002210035300303000000000000000180322Heavy Tools         00203180322
0750000002900396898000000022364528700240749487170000000899001002210035500030000000000000000180322Heavy Tools         00203180322
0750000002900396898000000010465353200240749530090000000899001002210035600030000000000000000180322Heavy Tools         00203180322
0750000002900396898000000093410108300240749547700000001668001002210035800080000000000000000180322Heavy Tools         00203180322
0750000002900396898000000211037453900240765315010000003797002002210031100270000000000000000210322General Logistics Sy00203210322
0750000002900396898000000211037453900240778908590000006571002002210031200270000000000000000220322General Logistics Sy00203220322
0750000002900396898000000211037453900240784065510000003796002002210030600270000000000000000220322General Logistics Sy00203220322
0750000002900396898000000211037453900240804927150000093197002002210036200270000000000000000240322General Logistics Sy00203240322
0750000002900396898000000211037453900240815969450000015969002002210034300270000000000000000250322General Logistics Sy00203250322
0750000002900396898000000018932481700240823553130000000899001002210040700030000000000000000260322Heavy Tools         00203260322
0750000002900396898000000151367601900240823664570000001119001002210040500303000000000000000260322Heavy Tools         00203260322
0750000002900396898000000211037453900240840949050000024077002002210036800270000000000000000290322General Logistics Sy00203290322
0750000002900396898000000211037453900240847060200000014387002002210034500270000000000000000290322General Logistics Sy00203290322
0750000002900396898000000211037453900240856902870000006694002002210038200270000000000000000300322General Logistics Sy00203300322
