0740000002900396898PREMIUM SPORT KFT.  01022200000452291390+00000465338290+000000039003000000000169472000002280222FIO           
0750000002900396898000000211037453900240248330350000016458002002210009800270000000000000000010222General Logistics Sy00203010222
0750000002900396898000000211037453900240249151820000010963002002210009900270000000000000000010222General Logistics Sy00203010222
0750000002900396898000000204202206300240250991240000002559001002210011300080000000000000000010222Heavy Tools         00203010222
0750000002900396898000000000160116600240251017640000000999001002210011400550000000000000000010222Heavy Tools         00203010222
0750000002900396898000000211037453900240264790990000004083002002210008200270000000000000000030222General Logistics Sy00203030222
0750000002900396898000000211037453900240295425030000004404002002210010300270000000000000000070222General Logistics Sy00203070222
0750000002900396898000000211037453900240306155690000009471002002210012100270000000000000000080222General Logistics Sy00203080222
0750000002900396898000000211037453900240313002790000003614002002210012500270000000000000000080222General Logistics Sy00203080222
0750000002900396898000000020513788700240322366850000004198001002210013700030000000000000000090222Heavy Tools         00203090222
0750000002900396898000000117032202300240323492100000001358001002210013500080000000000000000090222Heavy Tools         00203090222
0750000002900396898000000017550446200240323500720000001347001002210013600060000000000000000090222Heavy Tools         00203090222
0750000002900396898000000211037453900240328136890000003399002002210012800270000000000000000100222General Logistics Sy00203100222
0750000002900396898000000000000000000240337887930000015000001000000707800000000000000000000100222Nákup: GOOGLE *ADS4500203100222
0750000002900396898000000211037453900240342159480000002907002002210013100270000000000000000110222General Logistics Sy00203110222
0750000002900396898000000021183037000240349616320000002559001002210015300060000000000000000110222Heavy Tools         00203110222
0750000002900396898000000200177706400240349657060000002699001002210015400201000000000000000110222Heavy Tools         00203110222
0750000002900396898000027260955024700240349913470000002798001002210001100010000000000000000110222Heavy Tools         00203110222
0750000002900396898000000211037453900240364498440000005384002002210013900270000000000000000140222General Logistics Sy00203140222
0750000002900396898000000211037453900240391607540000007102002002210013300270000000000000000150222General Logistics Sy00203150222
0750000002900396898000000211037453900240394681950000011589002002210014700270000000000000000150222General Logistics Sy00203150222
0750000002900396898000000211037453900240413852550000005948002002210015000270000000000000000160222General Logistics Sy00203160222
0750000002900396898000000143437705300240415743230000001159001002210018700080000000000000000160222Heavy Tools         00203160222
0750000002900396898000000204701101300240415773420000002230001002210018400080000000000000000160222Heavy Tools         00203160222
0750000002900396898000000059025513300240415809540000000699001002210018600080000000000000000160222Heavy Tools         00203160222
0750000002900396898000000000151466000240416000850000001398001002210018500030000000000000000160222Heavy Tools         00203160222
0750000002900396898000000211037453900240426048650000009024002002210016000270000000000000000170222General Logistics Sy00203170222
0750000002900396898000000211037453900240437792900000009591002002210011100270000000000000000180222General Logistics Sy00203180222
0750000002900396898000000211037453900240466302030000023689002002210017400270000000000000000220222General Logistics Sy00203220222
0750000002900396898000000211037453900240469259610000009345002002210014600270000000000000000220222General Logistics Sy00203220222
0750000002900396898000000211037453900240483635970000012260002002210018100270000000000000000230222General Logistics Sy00203230222
0750000002900396898000000211037453900240492929280000015696002002210019200270000000000000000240222General Logistics Sy00203240222
0750000002900396898000000211037453900240504310950000004545002002210019700270000000000000000250222General Logistics Sy00203250222
